3026 4838
506 269 551 316 ae
663 241 859 312 bllGEBltAE
882 251 1191 320 armentrorum

461 337 689 416 'riemrlunrnr
715 384 727 409 .
755 337 904 412 Vocant
933 341 1039 412 lineas
1069 338 1212 418 secundi
1238 329 1408 414 ordinlai

463 465 613 540 quarum
629 444 847 537 aquationes
860 439 903 514 ad
932 442 1018 515 duas
1033 445 1268 520 dimensrones
1283 437 1412 514 ascen·

464 547 584 622 dunt.
599 545 747 619 Vocant
762 542 868 618 lineas
884 544 990 619 tertii.
1008 545 1147 619 ordinis
1162 590 1174 628 r
1188 570 1340 646 quarum
1369 571 1421 620 re·

466 658 660 747 quationea
675 648 718 720 ad
734 665 802 720 trer
815 645 1049 722 dimensiones
1073 648 1261 745 assurgunt
1275 680 1289 737 a
1305 668 1423 742 atque

468 752 518 826 ita
531 749 725 847 deinceps..
741 755 825 854 Qua
841 753 979 826 rarione
992 749 1150 826 dicende
1176 772 1284 824 erunt
1313 755 1424 826 lineae

468 856 605 932 ordinis
620 856 834 932 infinitcliml
849 910 860 943 ,
878 877 967 954 quas
981 853 1162 930 Cartclrus
1193 857 1424 930 meclranicar

299 993 452 1074 emm,
467 959 819 1058 appellavltrquippe
839 983 921 1059 que
936 981 949 1008 ·
967 957 1231 1056 aquationibus
1249 961 1315 1034 ‚ad
1335 960 1430 1036 infi-

353 1075 368 1088 ··
471 1067 565 1141 nitas
579 1059 813 1139 dimensiones
829 1061 1097 1138 ascendentibus
1114 1060 1380 1142 ‚definiuntun

312 1173 346 1253 J
472 1199 478 1230 ι
525 1191 588 1267 45.
642 1169 831 1242 litantem
857 1166 921 1240 suo
948 1163 1355 1244 locoollendemus.in
1377 1166 1433 1238 li-

474 1275 552 1350 uris
566 1269 703 1348 ordinis
716 1271 821 1365 primi
838 1325 848 1356 ,
863 1269 960 1343 uulla
986 1293 1122 1349 curva.
1139 1268 1194 1341 sed
1224 1265 1293 1338 lala
1319 1266 1431 1340 resta

474 1379 686 1454 continetur
712 1423 725 1448 .
756 1375 894 1458 Unde,
919 1377 944 1452 sr
971 1395 1159 1448 curvarum
1173 1392 1300 1467 genera
1333 1370 1430 1444 sunt

476 1477 729 1578 distinguenda
745 1533 756 1566 ,
771 1495 878 1559 erunt
893 1501 1012 1552 curve
1028 1477 1132 1571 primi
1156 1477 1294 1572 generis
1311 1495 1440 1569 ,qua-

380 1669 381 1672 Ἴ
476 1607 559 1660 rum
585 1588 802 1681 aquationes
830 1581 1066 1678 quadratum.
1096 1582 1149 1652 rel
1178 1573 1436 1673 reblanguluru
1486 1557 1487 1632 ³

477 1687 633 1762 duarum
650 1688 915 1783 incognitarum
932 1707 1006 1762 uon
1019 1682 1329 1761 excedunraerunt
1343 1703 1438 1752 cur·

478 1813 533 1866 ure
561 1787 704 1860 fecundi
732 1785 873 1884 generis
898 1839 908 1871 ‚
936 1809 1016 1881 quo
1044 1784 1314 1882 aquationibus
1345 1782 1438 1858 defi·

480 1897 635 1970 niuntnr
651 1891 761 1964 arium
786 1887 1044 1964 dimenlionum
1059 1907 1072 1965 3
1089 1907 1198 1962 erunt
1226 1909 1344 1962 curvae
1361 1905 1438 1962 ter-

483 1999 527 2072 cii
545 1993 688 2092 generis
704 2037 715 2074 ,
730 2015 882 2093 quarum
897 1997 1118 2090 aquationes
1132 1993 1173 2066 ad
1190 2008 1350 2090 quatuor
1377 1991 1439 2062 di·

389 2159 392 2165 .
482 2096 682 2175 mensiones
696 2095 891 2171 al'cendunt
908 2116 920 2175 3
935 2112 1044 2193 atque
1059 2098 1109 2166 ita
1121 2095 1304 2196 deinceps.
1325 2096 1435 2170 Unde

483 2204 593 2275 eriam
607 2217 715 2274 erunt
730 2220 849 2275 curvae
864 2205 1004 2296 generis
1032 2195 1250 2274 infinitesrrni
1266 2242 1276 2280 .
1294 2200 1330 2272 in
1347 2203 1438 2298 qni-

485 2299 562 2380 bus'
571 2309 791 2402 aquationes
806 2302 848 2376 ad
864 2301 1024 2380 infinitas
1039 2301 1186 2404 quidem
1198 2303 1439 2378 dimensrones
1486 2365 1487 2394 p

419 2491 420 2494 ,
485 2407 702 2507 allnrguut.
1485 2409 1487 2508 l

445 2555 447 2560 ·
520 2520 604 2606 λ46.
657 2513 842 2594 Calenam
856 2510 1157 2598 Veteres,lrcuti
1173 2513 1440 2608 problematum
1484 2551 1487 2610 l

485 2620 804 2718 ,geometricorum
821 2629 888 2690 tria
905 2637 1034 2711 genera
1049 2613 1318 2714 distinguebant
1333 2673 1345 2705 ‚
1362 2621 1441 2712 pla.
1486 2635 1487 2640 ¹

376 2789 378 2798 ,
489 2747 549 2804 na.
565 2723 672 2796 solida
689 2725 910 2808 ,ac-linearia
925 2747 937 2800 ς
955 2717 1001 2794 fic
1014 2718 1124 2792 lineas
1139 2743 1264 2798 omnes
1276 2765 1289 2806 ‚
1301 2723 1445 2820 quibus

494 2827 758 2926 problematum
773 2826 866 2896 fiunt
881 2818 1170 2898 construdilones
1183 2868 1196 2906 r
1207 2829 1250 2900 ad
1268 2844 1339 2900 tres
1352 2825 1444 2902 clas.

497 2930 550 3004 les
565 2933 696 3024 pariter
712 2921 953 2998 revocabant.
979 2920 1099 3002 Prima
1126 2938 1258 3005 etenim
1273 2947 1350 3005 erat
1365 2931 1444 3005 illa.

492 3055 600 3118 aurn,
620 3049 683 3123 per
696 3048 786 3122 quaa
803 3028 903 3121 plana
918 3029 1138 3126 problemate
1154 3032 1348 3106 l'olvnnrnr
1360 3063 1373 3120 ς
1386 3059 1443 3108 ea·

493 3158 566 3232 que
582 3131 720 3204 nonnil
737 3125 867 3205 radam
882 3185 895 3220 ‚
908 3157 948 3207 ac
974 3137 1100 3210 circuli
1116 3135 1442 3214 circumferentiam

492 3233 730 3312 continebat.
758 3235 922 3313 Secunda
943 3235 1249 3334 complectebatur
1277 3244 1362 3330 coni
1395 3245 1442 3316 lr-

495 3336 662 3420 εὶῑοιιεε,
686 3359 775 3437 quas
787 3340 829 3413 ad
845 3339 1148 3420 construtir'onem
1176 3339 1441 3434 problematum

493 3440 693 3520 lolidorum
709 3459 857 3540 oportet
871 3444 1040 3520 ailumere
1054 3493 1065 3515 .
1081 3441 1129 3518 Et
1158 3453 1263 3518 tertia
1292 3444 1443 3526 demum

494 3569 620 3622 omnes
646 3546 730 3620 alias
746 3549 853 3621 linear
868 3548 980 3646 magis
993 3547 1208 3645 compofitas
1222 3592 1235 3632 ‚
1248 3575 1328 3651 quse
1349 3575 1443 3628 con·

373 3743 378 3752 Ι
494 3646 687 3751 ilruElioni
706 3651 969 3745 problematum
985 3657 1172 3728 linearium
1185 3653 1402 3732 inserviunt.

414 3800 418 3806 -
548 3773 612 3854 47.
653 3753 894 3834 Revocabant
908 3778 1022 3855 porro
1033 3757 1078 3862 ad
1095 3758 1235 3865 tertiam
1251 3763 1339 3839 hanc
1353 3761 1443 3862 cleb

501 3905 503 3908 -
1318 3862 1388 3939 leur
