3026 4838
289 337 1009 417 ntnuuuuuu·1“us.·29

91 427 222 508 munis
249 423 363 500 festio
388 427 468 500 cuni
488 425 582 500 cum'
598 424 705 520 piano
732 477 743 498 .
771 426 899 526 ltaque
914 470 926 508 ,
940 449 1056 523 quum

91 554 221 610 conus
251 530 387 604 secatur
404 531 531 626 piano,
560 529 769 604 transeunte
785 552 847 624 per
861 537 1047 619 verticem,

96 641 142 716 ἃ
158 649 377 710 occurrente
390 637 494 730 piano
509 633 611 710 bedu
627 627 738 708 sertio
756 678 766 716 ‚
781 632 872 707 sedit
887 635 923 709 iu
936 657 1048 724 cono,

1 741 3 752 ’
93 741 334 835 triangulum
351 740 429 812 erit.

155 849 223 942 ⁶7·
276 843 345 916 Sed
360 859 508 918 notetur
531 844 606 928 hoe
632 839 716 916 iuro
743 843 875 922 veum,
902 843 1004 941 quod
1031 842 1058 917 fi

99 949 280 1050 pianum,
307 947 422 1020 secans
451 969 612 1032 conum,
641 945 793 1021 transeat
820 968 967 1045 quoque
988 965 1058 1043 'per

99 1075 234 1132 axema
254 1070 342 1126 tuuc
356 1047 452 1123 reste
468 1093 479 1131 ‚
496 1053 618 1146 inqua
635 1049 735 1122 iii'ud·
752 1052 913 1126 occurrit
946 1051 1056 1146 piano

104 1155 302 1236 urimur
320 1153 420 1226 istius
448 1153 621 1226 diameter
646 1155 764 1251 aliqua
793 1177 806 1225 e
833 1154 1057 1251 proindeque

103 1263 330 1356 trianguium
346 1303 358 1340 ,
374 1280 434 1353 per
449 1280 554 1332 exem
568 1253 701 1331 setium
715 1309 726 1342 ,
743 1258 844 1354 super
862 1265 979 1354 aliqua
993 1255 1059 1328 bu-

103 1365 339 1439 srsdiametro
356 1365 486 1457 semper
502 1358 632 1432 infitier
664 1411 674 1432 .
700 1361 858 1438 Vicissim
870 1380 987 1436 autem
1002 1360 1057 1442 ‚se

105 1469 339 1562 triangulum
357 1487 430 1546 ‚tx
445 1488 542 1538 cono
557 1459 688 1539 festum
704 1517 714 1550 ,
730 1465 863 1556 insistat
879 1467 980 1559 super
991 1465 1058 1536 aii·

102 1595 177 1670 qua
191 1570 284 1644 basus
302 1572 479 1643 diametro
496 1589 508 1648 3
525 1553 668 1665 pian‘um
694 1567 772 1664 ejus
801 1569 972 1642 transibit-
993 1589 1057 1664 per

104 1697 211 1752 axem
239 1725 250 1747 .
279 1675 519 1775 Naturaliter,
535 1668 642 1746 dueta
659 1676 695 1744 in
712 1695 756 1744 eo
786 1678 893 1770 piano
918 1667 1009 1746 resia
1037 1695 1058 1744 a

103 1785 248 1854 vertice
264 1780 350 1862 euni
361 1779 405 1852 ad
422 1797 584 1852 centrum
600 1773 687 1848 baiis
702 1831 713 1862 ,
730 1776 850 1852 forent
866 1778 976 1865 hujus
993 1829 1002 1869 ,
1017 1777 1055 1854 dt

109 1886 195 1957 axis
212 1882 315 1958 iidem
333 1883 474 1960 termini
489 1912 498 1956 r
514 1881 615 1981 quod
630 1880 733 1978 piene
749 1899 942 1979 repugnat.
982 1938 986 1946 .

158 2093 205 2166 ii.
231 2093 474 2199 Querspreier
500 2055 838 2270 caruerumexeuui
847 2089 1005 2193 sessione

443 2219 563 2272 eruere
600 2211 700 2270 rcet.

286 2398 382 2574 v

616 2529 634 2576 c
700 2533 779 2590 ene
808 2539 827 2583 e
870 2537 966 2589 neam
979 2539 1063 2588 cur-

114 2635 196 2684 vam
211 2663 222 2697 ‚
237 2631 347 2706 quurn
363 2609 510 2706 pianum
525 2649 539 2687 a
549 2629 614 2705 per
639 2611 740 2704 quod
766 2613 977 2707 dispescitur
1000 2641 1064 2691 eo·

113 2735 213 2798 nus,
231 2712 447 2788 nontransrt
477 2715 549 2806 per'
574 2716 747 2787 verticem
781 2763 791 2784 .
816 2719 962 2795 interim
986 2721 1065 2797 hac

111 2841 223 2895 curva
239 2842 314 2893 non
329 2816 462 2913 semper
475 2814 630 2913 eJ'usdem
655 2815 780 2912 speciei
796 2817 877 2906 esta
905 2821 984 2912 sed,
999 2845 1069 2920 pro

112 2931 206 2997 varie
222 2923 321 3020 piani
338 2921 530 3020 pofitioue,
548 2923 659 2994 varias
672 2921 792 2999 induit
806 2926 938 3000 formae
957 2976 967 2999 .
988 2931 1066 3002 ita.

112 3051 184 3126 que
201 3083 212 3116 ,
227 3047 270 3102 ut
287 3025 435 3124 unguite
450 3026 582 3121 species
607 3047 798 3104 curvarum
814 3051 927 3132 ,quas
940 3053 987 3106 ex
1003 3057 1066 3108 eu·
1095 3099 1099 3107 .

115 3155 165 3204 no
179 3153 305 3206 eruere
320 3131 403 3206 lieet
422 3171 435 3212 r
450 3125 641 3226 perspecte
667 3131 772 3206 nobis
798 3137 955 3210 evadant
970 3163 982 3222 3
998 3161 1066 3212 no·

118 3235 276 3312 tebirnue
288 3234 469 3324 uiteriuu,
484 3234 591 3332 quod
605 3234 668 3308 ubi
684 3237 840 3333 pianum,
854 3264 989 3318 nonum
1011 3243 1063 3315 se·

119 3358 203 3410 cunt
218 3389 230 3423 ‚
245 3363 318 3412 non
332 3341 456 3417 transit
473 3361 533 3436 per
547 3340 714 3415 uerticem
729 3385 741 3423 ,
756 3341 871 3440 potest
886 3401 898 3434 ,
911 3347 969 3420 vei
997 3369 1071 3423 oc·-

121 3461 265 3516 currere
278 3443 385 3538 piano
399 3439 504 3529 bafia,
519 3447 577 3520 vel
588 3443 702 3518 tidem
716 3448 937 3545 tequidistare
951 3503 961 3525 .

172 3543 238 3638 69.
266 3551 391 3648 Quum
407 3547 543 3620 secatur
557 3568 671 3621 conus
685 3551 1058 3652 piano,oequidistante

121 3647 234 3744 piano
249 3645 462 3727 baiini'ediio
475 3651 632 3726 circulus
645 3650 947 3740 fietanecaiterius
960 3679 1064 3740 natu.

122 3775 171 3826 ru
187 3755 261 3826 erit
276 3749 325 3829 ‚sr
342 3773 414 3824 non
430 3755 501 3850 ipse
512 3775 627 3832 conus
641 3763 873 3855 principalis,
899 3763 956 3837 sed
987 3765 1065 3863 ejus

122 3854 320 3960 oppetitur
332 3851 454 3952 pune.
466 3855 615 3966 sudrinde
629 3858 760 3957 dudio,
775 3863 921 3946 seretur.
938 3870 992 3944 Ut
1006 3890 1066 3967 reg

980 3991 1021 4044 ro
